@article{ramachandran2020TCNS,
	author={R. K. {Ramachandran} and N. {Fronda} and G. S. {Sukhatme}},
	booktitle={IEEE Transaction on control of network systems (TCNS)},
	title={Resilience in multi-robot multi-target tracking with unknown number of targets through reconfiguration},
	year={2020},
	volume={},
	number={},
	pages={},
	keywords={},
	doi={},
	ISSN={},
	month={},
	note={Conditionally accepted to}}