@article{Ramachandran_Kakish_Berman_TRO_20,
 author = {Ramachandran, Ragesh K. and Kakish, Zahi and Berman, Spring},
 issn = {1941-0468},
 journal = {IEEE Transactions on Robotics},
 keywords = {},
 month = {},
 number = {},
 optdoi = {10.1109/TRO.2020.2991612},
 pages = {1-20},
 title = {Information Correlated LÃ©vy Walk Exploration and Distributed Mapping Using a Swarm of Robots },
 volume = {},
 year = {2020}
}

