@INPROCEEDINGS{ramachandran2019,
	author={R. K. {Ramachandran} and J. A. {Preiss} and G. S. {Sukhatme}},
	booktitle={2019 IEEE/RSJ International Conference on Intelligent Robots and Systems (IROS)},
	title={Resilience by Reconfiguration: Exploiting Heterogeneity in Robot Teams},
	year={2019},
	volume={},
	number={},
	pages={6518-6525},
	keywords={},
	doi={10.1109/IROS40897.2019.8968611},
	ISSN={2153-0858},
	month={Nov},}