@article{Ramachandran_Peter_TRO_20,
 author = {Englert, Peter and Rayas Fernandez, Isabel M. and Ramachandran, Ragesh K. and Sukhatme, Gaurav},
 issn = {},
 journal = {IEEE Transactions on Robotics},
 keywords = {},
 month = {},
 number = {},
 optdoi = {},
 pages = {},
 title = {Sampling-Based Motion Planning on Manifold Sequences},
 volume = {},
 year = {},
 note = {Submitted to}
}

