@INPROCEEDINGS{sid2021,
	author={S. {Mayya} and R. K. {Ramachandran} and L. {Zhou}, and G. S. {Sukhatme} and V. {Kumar}},
	booktitle={2021 IEEE/RSJ International Conference on Intelligent Robots and Systems (IROS)},
	title={Adaptive  and  Risk-Aware  Target  Tracking  with Heterogeneous  Robot  Teams},
	year={2021},
	volume={},
	number={},
	pages={},
	keywords={},
	doi={},
	ISSN={},
	month={Oct},
	note={In submission}}