@INPROCEEDINGS{ramachandran2020ICRA,
	author={ E. {Heiden} and Z. {Liu} and R. K. {Ramachandran} and G. S. {Sukhatme}},
	booktitle={2020 IEEE/International Conference on Robotics and Automations (ICRA)},
	title={Physics-based Simulation of Continuous-Wave LIDAR for Localization},
	year={2020},
	volume={},
	number={},
	pages={},
	keywords={},
	doi={},
	ISSN={},
	month={Nov},
	note={To appear}}