@INPROCEEDINGS{sid2021,
	author={Mayya, Siddharth and Ramachandran, Ragesh K. and Zhou, Lifeng and Senthil, Vinay and Thakur, Dinesh and Sukhatme, Gaurav S. and Kumar, Vijay},
  journal={IEEE Robotics and Automation Letters}, 
  title={Adaptive and Risk-Aware Target Tracking for Robot Teams With Heterogeneous Sensors}, 
  year={2022},
  volume={7},
  number={2},
  pages={5615-5622},
  doi={10.1109/LRA.2022.3155805}}