@INPROCEEDINGS{ramachandranACC2017,
	author={R. K. {Ramachandran} and S. {Berman}},
	booktitle={2017 American Control Conference (ACC)},
	title={The effect of communication topology on scalar field estimation by large networks with partially accessible measurements},
	year={2017},
	volume={},
	number={},
	pages={3886-3893},
	keywords={Gaussian processes;gradient methods;interconnected systems;observability;oceanography;optimisation;salinity (geophysical);communication topology;scalar field estimation;large networks;partially accessible measurements;two-dimensional scalar field reconstruction;node local communication;node communication network;optimization problem;first-order linear dynamics;large interconnected system;optimization-based scheme;gradient-based method;gradient analytical computation;observability Gramian;chain networks;grid networks;network topologies;Gaussian scalar fields;ocean salinity data;Network topology;Topology;Observability;Estimation;Sea measurements;Communication networks;Robot sensing systems;Networked robotic systems;sensor networks;field estimation},
	doi={10.23919/ACC.2017.7963550},
	ISSN={2378-5861},
	month={May},}