@article{Ramachandran_nicole_TASE_2022,
 author = {Ramachandran, Ragesh K. and Fronda, Nicole and Priess, James and Dai,Zhenghao and Sukhatme, Gaurav},
 issn = {},
 journal = {IEEE Transactions on Automation Science and Engineering (T-ASE)},
 keywords = {},
 month = {},
 number = {},
 optdoi = {},
 pages = {},
 title = {Resilient Multi-Robot Multi-Target Tracking},
 volume = {},
 year = {2022},
 note = {Submitted to}
}

