@article{Ramachandran_Pierpaoli_TRO_20,
 author = {Ramachandran, Ragesh K. and Pierpaoli, Pietro and Egerstedt, Magnus and Sukhatme, Gaurav},
 issn = {},
 journal = {IEEE Transactions on Robotics},
 keywords = {},
 month = {},
 number = {},
 optdoi = {},
 pages = {},
 title = {Resilient Monitoring in Heterogeneous Multi-robot Systems through Network Reconfiguration},
 volume = {},
 year = {},
 note = {Accepted to}
}

