@article{JMR2015,
 author = {Sugar, Thomas G. and Bates, Andrew and Holgate, Matthew and Kerestes, Jason and Mignolet, Marc and New, Philip and Ramachandran, Ragesh K. and Redkar, Sangram and Wheeler, Chase},
 doi = {10.1115/1.4029336},
 eprint = {https://asmedigitalcollection.asme.org/mechanismsrobotics/article-pdf/7/1/011001/6252832/jmr_007_01_011001.pdf},
 issn = {1942-4302},
 journal = {Journal of Mechanisms and Robotics},
 month = {February},
 note = {011001},
 number = {1},
 title = {Limit Cycles to Enhance Human Performance Based on Phase Oscillators},
 url = {https://doi.org/10.1115/1.4029336},
 volume = {7},
 year = {2015}
}

