@INPROCEEDINGS{Adler2022,
	author={A. {Adler} and O. {Mickelin} and R.K. {Ramachandran} and G. S. {Sukhatme} and S. {Karaman}},
	booktitle={2022 15th International Workshop on the Algorithmic Foundations of Robotics},
	title={The Role of Heterogeneity in Autonomous Perimeter Defense Problems},
	year={2022},
	volume={},
	number={},
	pages={},
	keywords={},
	doi={},
	ISSN={},
	month={Oct},
	note={In submission}}