@phdthesis{ramachandran2018exploration,
	title={Exploration, mapping and scalar field estimation using a swarm of resource-constrained robots},
	author={Ramachandran, Ragesh Kumar},
	year={2018},
	school={Arizona State University}
}