@inproceedings{Ramachandran_Wilson_Berman16,
 author = {Ramachandran, Ragesh K. and Wilson, Sean and Berman, Spring},
 booktitle = {Distributed Autonomous Robotic Systems},
 pages = {3--16},
 publisher = {Springer},
 title = {A Probabilistic Topological Approach to Feature Identification using a Stochastic Robotic Swarm},
 year = {2018}
}

