@INPROCEEDINGS{ramachandran2009,
	author={ Ramachandran, Ragesh K and Elayidom, Vivek M and Sudheer, A. P},
	booktitle={2009 International Conference on Simulation Modeling and Analysis (COSMA)},
	title={Target Location algorithm for Automation Assistance in Weld Industries},
	year={2009},
	volume={},
	number={},
	pages={194-198},
	keywords={},
	month={December},}