@inproceedings{ramachandran_berman_2019,
 author = {Ramachandran, Ragesh Kumar and Berman, Spring},
 booktitle = {Proceedings of the 3rd International Symposium on Swarm Behavior and Bio-Inspired Robotics},
 note = {To appear},
 organization = {SWARM},
 title = {Automated construction of metric maps using a stochastic robotic swarm leveraging received signal strength},
 year = {2019}
}

