@INPROCEEDINGS{ramachandran2020_pacman,
	author={Renato Fernando dos Santos and R. K. {Ramachandran} and Marcos A. M. Vieira and G. S. {Sukhatme}},
	booktitle={2020 IEEE/RSJ International Conference on Intelligent Robots and Systems (IROS)},
	title={Pac-Man is Overkill},
	year={2020},
	volume={},
	number={},
	pages={},
	keywords={},
	doi={},
	ISSN={},
	month={Oct},
	note={}}