@inproceeding{Ramachandran_isabel_corl_20,
 author = {Rayas, Isabel  and Sutanto, Giovanni and  Englert, Peter and  Ramachandran, Ragesh K. and Sukhatme, Gaurav},
 issn = {},
 journal = {Conference on Robot Learning},
 keywords = {},
 month = {},
 number = {},
 optdoi = {},
 pages = {},
 title = {Learning Equality Constraints for Motion Planning on Manifolds},
 volume = {},
 year = {2020},
 note = {Submitted to}
}

