@article{Ramachandran_Wilson_Berman_RAL_17,
 author = {Ramachandran, Ragesh K. and Wilson, Sean and Berman, Spring},
 issn = {2377-3766},
 journal = {IEEE Robotics and Automation Letters},
 keywords = {computational geometry;data analysis;graph theory;multi-robot systems;probability;random processes;approximate generalized Voronoi diagram;automated topological map construction;graph-based wave propagation;multirobot experiments;obstacle-free region;probabilistic approach;probability function;random exploration;stochastic robotic swarm;topological data analysis;uncertain position data;Approximation algorithms;Collision avoidance;Generators;Robot kinematics;Robot sensing systems;Swarms;mapping;probability and statistical methods},
 month = {Apr.},
 number = {2},
 optdoi = {10.1109/LRA.2016.2647641},
 pages = {616-623},
 title = {A Probabilistic Approach to Automated Construction of Topological Maps using a Stochastic Robotic Swarm },
 volume = {2},
 year = {2017}
}

