@INPROCEEDINGS{ramachandran2019,
	author={R. K. {Ramachandran} and L. {Zhou}, and J. A. {Preiss} and G. S. {Sukhatme}},
	booktitle={2019 IEEE/RSJ International Conference on Intelligent Robots and Systems (IROS)},
	title={Resilient Coverage: Exploring the Local-to-Global Trade-off},
	year={2020},
	volume={},
	number={},
	pages={},
	keywords={},
	doi={},
	ISSN={},
	month={Oct},}